<?xml version="1.0" encoding="UTF-8"?><collection xmlns="http://www.loc.gov/MARC21/slim"><record><leader>00464nam--2200157-i-4500</leader><controlfield tag="001">000007926</controlfield><controlfield tag="002">20161230</controlfield><controlfield tag="005">20170210211439</controlfield><controlfield tag="008">060222s1000------------r-----000-0-eng-d</controlfield><datafield ind1=" " ind2=" " tag="100"><subfield code="a">Burke, D. G</subfield></datafield><datafield ind1=" " ind2=" " tag="245"><subfield code="a">A study of energy elvels in odd-mass ytterbium isotopes by means of (d,p) and (d,t,) reaction s</subfield></datafield><datafield ind1=" " ind2=" " tag="260"><subfield code="a">Kobenhavn</subfield><subfield code="b">Ejnar Munksgaard</subfield><subfield code="c">1966</subfield></datafield><datafield ind1=" " ind2=" " tag="300"><subfield code="a">53 p</subfield></datafield><datafield ind1=" " ind2=" " tag="490"><subfield code="a">Mat.Fys.Medd.Dan.Vid.Selsk</subfield></datafield><datafield ind1=" " ind2=" " tag="852"><subfield code="a">539.14</subfield></datafield><datafield ind1=" " ind2=" " tag="CAT"><subfield code="a">SYS</subfield><subfield code="c">20170210</subfield><subfield code="h">211439</subfield></datafield></record></collection>